% Encoding: UTF-8

@Article{Key1,
  author  = {王静康,张凤宝,夏淑倩等},
  title   = {论化工本科专业国际认证与国内认证的“实质性”},
  journal = {高等工程教育研究},
  year    = {2014},
  volume  = {5},
  pages   = {1-4},
}

@Article{Key2,
  author    = {Jack A. Stone and Lowell P. Howard},
  title     = {A simple technique for observing periodic nonlinearities in Michelson interferometers},
  journal   = {Precision Engineering},
  year      = {1998},
  volume    = {22},
  number    = {4},
  pages     = {220--232},
  month     = {oct},
  doi       = {10.1016/s0141-6359(98)00016-6},
  publisher = {Elsevier {BV}},
}

@Book{Key3,
  title     = {Dreamweaver 8 perfect web design: ASP dynamic web design articles(Chinese Edition)},
  publisher = {China Electric Power Press},
  year      = {2000},
  author    = {ZHU YIN HONG . XIONG LI RONG},
  isbn      = {9787508342894},
  url       = {https://www.amazon.com/Dreamweaver-perfect-web-design-articles/dp/7508342895%3FSubscriptionId%3D0JYN1NVW651KCA56C102%26tag%3Dtechkie-20%26linkCode%3Dxm2%26camp%3D2025%26creative%3D165953%26creativeASIN%3D7508342895},
}

@Book{Key4,
  title     = {Physics and Chemistry of the Solar System, Revised Edition},
  publisher = {ACADEMIC PR INC},
  year      = {1997},
  author    = {John S. Lewis},
  isbn      = {0124467423},
  date      = {1997-09-01},
  ean       = {9780124467422},
  pagetotal = {591},
  url       = {http://www.ebook.de/de/product/4429506/physics_and_chemistry_of_the_solar_system_revised_edition.html},
}

@Comment{jabref-meta: databaseType:bibtex;}
