% Encoding: UTF-8

@article{lee2016,
	title = {Transforming {{Our World}}: {{Implementing}} the 2030 {{Agenda Through Sustainable Development Goal Indicators}}},
	shorttitle = {Transforming {{Our World}}},
	author = {Lee, Bandy X. and Kjaerulf, Finn and Turner, Shannon and Cohen, Larry and Donnelly, Peter D. and Muggah, Robert and Davis, Rachel and Realini, Anna and Kieselbach, Berit and MacGregor, Lori Snyder and Waller, Irvin and Gordon, Rebecca and {Moloney-Kitts}, Michele and Lee, Grace and Gilligan, James},
	year = {2016},
	volume = {37},
	pages = {13--31},
	journal = {Journal of Public Health Policy},
	number = {1}
}

@article{li2017a,
	title = {{联合国《2030年可持续发展议程》在中国的实施}},
	author = {李, 晓西},
	year = {2017},
	pages = {27--31},
	journal = {社会治理},
	number = {06}
}

@article{wang2018,
	title = {{面向SDGs的城市可持续发展评价指标体系进展研究}},
	author = {王, 鹏龙 and 高, 峰 and 黄, 春林 and 宋, 晓谕 and 王, 宝 and 魏, 彦强 and 牛, 艺博},
	year = {2018},
	volume = {33},
	pages = {784--792},
	journal = {遥感技术与应用},
	number = {05}
}

@article{zhou2020a,
	title = {{中国落实《2030年可持续发展议程》进展分析}},
	author = {周, 全 and 潘, 若曦 and 董, 战峰 and 张, 鸿宇},
	year = {2020},
	volume = {36},
	pages = {179--184},
	journal = {生态经济},
	number = {10}
}

@article{zhu2018,
	title = {{SDGs框架下中国可持续发展评价指标研究}},
	author = {朱, 婧 and 孙, 新章 and 何, 正},
	year = {2018},
	volume = {28},
	pages = {9--18},
	journal = {中国人口{$\cdot$}资源与环境},
	number = {12}
}

@article{jian2011,
	title = {{数字城市群若干问题的思考\textemdash\textemdash 以长三角城市群发展为例}},
	author = {简, 逢敏 and 王, 剑},
	year = {2011},
	pages = {95--102},
	journal = {上海城市规划},
	number = {05}
}

@misc{shanghaishirenminzhengfu,
	title = {上海市国民经济和社会发展第十四个五年规划和二〇三五年远景目标纲要},
	author = {{上海市人民政府}},
	howpublished = {\url{http://www.shanghai.gov.cn/nw12344/20210129/ced9958c16294feab926754394d9db91.html}},
	year = {[2021-3-15]},
	}
}

@article{wang2019a,
	title = {{长三角智慧城市群建设探讨\textemdash\textemdash 促进长三角地区更高质量一体化发展}},
	author = {王, 剑 and 李, 锐},
	year = {2019},
	pages = {11--17},
	journal = {上海城市规划},
	number = {02}
}


@article{cheng2018,
	title = {{15分钟社区生活圈的空间治理对策}},
	author = {程, 蓉},
	year = {2018},
	volume = {34},
	pages = {115--121},
	journal = {规划师},
	lccn = {45-1210/TU},
	number = {05}
}

@article{tang2020,
	title = {{居住空间分异背景下公共服务设施供需矛盾研究\textemdash\textemdash 以宁波高新区为例}},
	author = {唐, 静 and 耿, 慧志},
	year = {2020},
	volume = {17},
	pages = {60--64},
	journal = {城市建筑},
	number = {25}
}

@article{zhang2003,
	title = {{从大尺度城市设计到``日常生活空间''}},
	author = {张, 杰 and 吕, 杰},
	year = {2003},
	pages = {40--45},
	journal = {城市规划},
	number = {09}
}


@article{ben2018,
	title = {{专家视角:《上海市城市总体规划(2017\textemdash 2035年)》解读}},
	author = {本, 刊编辑部},
	year = {2018},
	pages = {52--56},
	journal = {上海城市规划},
	number = {02}
}

@article{li2017,
	title = {{基于居民行为需求特征的``15分钟社区生活圈''规划对策研究}},
	author = {李, 萌},
	year = {2017},
	pages = {111--118},
	journal = {城市规划学刊},
	lccn = {31-1938/TU},
	number = {01}
}

@article{zhao2020,
	title = {{塑造韧性社区共同体：生活圈的规划思考与策略}},
	author = {赵, 宝静 and 奚, 文沁 and 吴, 秋晴 and 王, 睿},
	year = {2020},
	pages = {14--19},
	journal = {上海城市规划},
	number = {02}
}

@article{zhou2020,
	title = {{15分钟社区生活圈视角的单元规划公共服务设施布局评估：以上海市黄浦区为例}},
	author = {周, 弦},
	year = {2020},
	pages = {57--64},
	journal = {城市规划学刊},
	number = {01}
}


@article{chai1996,
	title = {{以单位为基础的中国城市内部生活空间结构--兰州市的实证研究}},
	author = {柴, 彦威},
	year = {1996},
	pages = {30--38},
	journal = {地理研究},
	lccn = {112788P},
	number = {01}
}

@article{chai2015,
	title = {{基于时空间行为的城市生活圈规划研究\textemdash\textemdash 以北京市为例}},
	author = {柴, 彦威 and 张, 雪 and 孙, 道胜},
	year = {2015},
	pages = {61--69},
	journal = {城市规划学刊},
	lccn = {31-1938/TU},
	number = {03}
}

@article{chen1987,
	title = {{城市生活居住环境质量评价方法初探}},
	author = {陈, 青慧 and 徐, 培玮},
	year = {1987},
	pages = {52-58+29},
	journal = {城市规划},
	number = {05}
}

@article{sun2018,
	title = {日本的生活圈研究回顾与启示},
	author = {孙, 道胜 and 柴, 彦威},
	year = {2018},
	volume = {0},
	pages = {13--16},
	journal = {城市建筑},
	number = {36}
}

@article{wu2015,
	title = {{生活圈构建视角下特大城市社区动态规划探索}},
	author = {吴, 秋晴},
	year = {2015},
	pages = {13--19},
	journal = {上海城市规划},
	number = {04}
}

@article{yuan2005,
	title = {{基于``日常生活圈''的我国城市地域系统的重建}},
	author = {袁, 家冬 and 孙, 振杰 and 张, 娜 and 赵, 哲},
	year = {2005},
	pages = {17--22},
	journal = {地理科学},
	number = {01}
}

@article{李业锦2012,
	author={李业锦 and 王敏},
	title={基于日常生活圈的北京市老年人生活宜居性研究：以什刹海地区为例},
	journal={城市建设理论研究（电子版）},
	year={2012},
	number={34},
	month={4},
}


@article{sun2012,
	title = {{生活圈理论视角下的县域公共服务设施配置研究\textemdash\textemdash 以江苏省邳州市为例}},
	author = {孙, 德芳 and 沈, 山 and 武, 廷海},
	year = {2012},
	volume = {28},
	pages = {68--72},
	journal = {规划师},
	number = {08}
}

@article{wang2011,
	title = {{城市社区生活空间结构之解构及其质量重构}},
	author = {王, 立 and 王, 兴中},
	year = {2011},
	volume = {31},
	pages = {22--28},
	journal = {地理科学},
	number = {01}
}

@article{xiong2010,
	title = {{基于公共设施角度的城市人居环境研究\textemdash\textemdash 以南京市为例}},
	author = {熊, 薇 and 徐, 逸伦},
	year = {2010},
	volume = {25},
	pages = {35--42},
	journal = {现代城市研究},
	number = {12}
}

@article{yang2012,
	title = {{城乡经济社会发展一体化规划的探索与思考\textemdash\textemdash 以海南实践为例}},
	author = {杨, 保军 and 赵, 群毅},
	year = {2012},
	volume = {36},
	pages = {38--44},
	journal = {城市规划},
	number = {03}
}


@article{mao2019a,
	title = {{基于多源数据分析的社区生活圈空间特征研究\textemdash\textemdash 以长沙市为例}},
	author = {毛, 磊},
	year = {2019},
	pages = {13},
	publisher = {{中国城市规划学会、重庆市人民政府}},
	address = {{中国重庆}},
	journal = {活力城乡 美好人居\textemdash\textemdash 2019中国城市规划年会论文集（20住房与社区规划）}
}

@article{sun2016,
	title = {{社区生活圈的界定与测度:以北京清河地区为例}},
	shorttitle = {{社区生活圈的界定与测度}},
	author = {孙, 道胜 and 柴, 彦威 and 张, 艳},
	year = {2016},
	volume = {23},
	pages = {1--9},
	journal = {城市发展研究},
	lccn = {11-3504/TU},
	number = {09}
}

@article{wang2019b,
	title = {{手机信令数据助力上海市社区生活圈规划}},
	author = {王, 德 and 傅, 英姿},
	year = {2019},
	pages = {23--29},
	journal = {上海城市规划},
	number = {06}
}

@article{wei2019,
	title = {{基于供需匹配的武汉市15分钟生活圈划定与空间优化}},
	author = {魏, 伟 and 洪, 梦谣 and 谢, 波},
	year = {2019},
	volume = {35},
	pages = {11--17},
	journal = {规划师},
	lccn = {45-1210/TU},
	number = {04}
}

@article{zhang2018,
	title = {基于社区生活圈的社区商业布局研究\textemdash\textemdash 以北京市为例},
	author = {张, 希煜 and 茅, 明睿 and 欧阳, 亦琛 and 姜, 冬睿 and 张, 云金 and 褚, 志磊},
	year = {2018},
	volume = {0},
	pages = {36--40},
	journal = {城市建筑},
	number = {36}
}


@article{chenWS2016,
	title = {{基于POI数据的广州零售商业中心热点识别与业态集聚特征分析}},
	author = {陈, 蔚珊 and 柳, 林 and 梁, 育填},
	year = {2016},
	volume = {35},
	pages = {703--716},
	journal = {地理研究},
	lccn = {11-1848/P},
	number = {04}
}

@article{zhang2017,
	title = {{国内网络地图服务比较分析研究}},
	author = {张, 得天 and 王, 佳傲 and 陈, 飞},
	year = {2017},
	pages = {85--95},
	journal = {华东师范大学学报(自然科学版)},
	number = {06}
}

@article{colinferster2019,
	title = {Using {{OpenStreetMap}} to Inventory Bicycle Infrastructure: {{A}} Comparison with Open Data from Cities},
	shorttitle = {Using {{OpenStreetMap}} to Inventory Bicycle Infrastructure},
	author = {{Colin Ferster} and {Jaimy Fischer} and {Kevin Manaugh} and {Trisalyn Nelson} and {Meghan Winters}},
	year = {2019},
	pages = {1--10},
	journal = {International Journal of Sustainable Transportation}
}

@article{fonte2019,
	title = {Using {{OpenStreetMap}} ({{OSM}}) to Enhance the Classification of Local Climate Zones in the Framework of {{WUDAPT}}},
	author = {Fonte, Cid{\'a}lia C. and Lopes, Patr{\'i}cia and See, Linda and Bechtel, Benjamin},
	year = {2019},
	volume = {28},
	pages = {100456},
	journal = {Urban Climate}
}

@article{haklay2008,
	title = {{{OpenStreetMap}}: {{User}}-{{Generated Street Maps}}},
	shorttitle = {{{OpenStreetMap}}},
	author = {Haklay, Mordechai and Weber, Patrick},
	year = {2008},
	volume = {7},
	pages = {12--18},
	journal = {IEEE Pervasive Computing},
	number = {4}
}

@article{bhaduri2007,
	title = {{{LandScan USA}}: A High-Resolution Geospatial and Temporal Modeling Approach for Population Distribution and Dynamics},
	shorttitle = {{{LandScan USA}}},
	author = {Bhaduri, Budhendra and Bright, Edward and Coleman, Phillip and Urban, Marie L.},
	year = {2007},
	volume = {69},
	pages = {103--117},
	journal = {GeoJournal},
	number = {1}
}

@article{calka2019,
	title = {Reliability {{Analysis}} of {{LandScan Gridded Population Data}}. {{The Case Study}} of {{Poland}}},
	author = {Calka, Beata and Bielecka, Elzbieta},
	year = {2019},
	volume = {8},
	pages = {222},
	copyright = {http://creativecommons.org/licenses/by/3.0/},
	journal = {ISPRS International Journal of Geo-Information},
	number = {5}
}

@article{sun2019,
	title = {{中国城市群的空间结构与经济绩效\textemdash\textemdash 对城市群空间规划的政策启示}},
	author = {孙, 斌栋 and 郭, 睿 and 陈, 玉},
	year = {2019},
	volume = {43},
	pages = {37-42+85},
	journal = {城市规划},
	number = {09}
}

@article{wang2002,
	title = {{GIS在敏捷运输路径选择中的应用}},
	author = {王, 亦鹏 and 王, 红卫},
	year = {2002},
	pages = {232--234},
	journal = {计算机工程与应用},
	number = {09}
}

@article{lixiaoma2009,
	title = {{基于网络分析的沈阳城市公园可达性和服务}},
	author = {李, 小马 and 刘, 常富},
	year = {2009},
	volume = {29},
	pages = {1554--1562},
	journal = {生态学报},
	lccn = {11-2031/Q},
	number = {03}
}

@article{liu2020b,
	title = {{城市建成环境对广州市居民幸福感的影响\textemdash\textemdash 基于15 min步行可达范围的分析}},
	author = {刘, 晔 and 肖, 童 and 刘, 于琪 and 邱, 婴芝 and 刘, 义 and 李, 志刚},
	year = {2020},
	volume = {39},
	pages = {1270--1282},
	journal = {地理科学进展},
	number = {08}
}

@phdthesis{chen2018,
	title = {{基于GIS的南宁市15分钟社区生活圈规划策略研究}},
	author = {陈, 程},
	year = {2018},
	school = {广西大学},
	type = {{硕士}}
}

@phdthesis{song2018,
	title = {{基于城市生活圈的房地产估价模型研究}},
	author = {宋, 雁南},
	year = {2018},
	school = {内蒙古大学},
	type = {{硕士}}
}

@article{zhu2015a,
	title = {{熵值法中无量纲化方法优良标准的探讨}},
	author = {朱, 喜安 and 魏, 国栋},
	year = {2015},
	pages = {12--15},
	journal = {统计与决策},
	number = {02}
}

@article{li2012,
	title = {{基于改进熵值模型的城市土地集约利用动态评价\textemdash\textemdash 以广州市为例}},
	author = {李, 景刚 and 张, 效军 and 高, 艳梅 and 臧, 俊梅},
	year = {2012},
	volume = {31},
	pages = {118--123},
	journal = {地域研究与开发},
	number = {04}
}

@book{silverman2018,
	title = {Density {{Estimation}} for {{Statistics}} and {{Data Analysis}}},
	author = {{Bernard.W.Silverman}},
	year = {2018},
	publisher = {{TaylorFrancis}},
	isbn = {978-1-315-14091-9}
}

@article{hemidu2019,
	author={Saqib Ali Haidery and 万旺根 and 曾本冲 and Naimat Ullah Khan and Muhammad Rizwan and Hidayat Ullah},
	title={基于核密度估计的新浪微博数据地理空间分析:以上海市为例},
	journal={电子测量技术},
	year={2019},
	volume={42},
	number={21},
	pages={32-38},
	month={4},
}


@article{hu2019,
	title = {{基于核密度分析的食源性疾病热点探测}},
	author = {胡, 康 and 赵, 榕 and 程, 晨 and 王, 崇民},
	year = {2019},
	volume = {16},
	pages = {109--112},
	journal = {中国卫生信息管理杂志},
	number = {01}
}

@article{yin2020,
	title = {{基于空间核密度分析的二手房交易热点变化研究\textemdash\textemdash 以武汉为例}},
	author = {尹, 言军 and 黄, 海涛 and 余, 咏胜 and 娄, 坤 and 叶, 琳},
	year = {2020},
	volume = {43},
	pages = {55--58},
	journal = {测绘与空间地理信息},
	number = {09}
}

@article{yu2015a,
	title = {{核密度估计法支持下的网络空间POI点可视化与分析}},
	author = {禹, 文豪 and 艾, 廷华},
	year = {2015},
	volume = {44},
	pages = {82--90},
	journal = {测绘学报},
	number = {01}
}

@article{borruso2008a,
	title = {Network {{Density Estimation}}: {{A GIS Approach}} for {{Analysing Point Patterns}} in a {{Network Space}}},
	shorttitle = {Network {{Density Estimation}}},
	author = {Borruso, Giuseppe},
	year = {2008},
	volume = {12},
	pages = {377--402},
	publisher = {{Wiley-Blackwell}},
	journal = {Transactions in GIS},
	number = {3}
}

@article{saqib2019,
	author={Saqib Ali Haidery and 万旺根 and 曾本冲 and Naimat Ullah Khan and Muhammad Rizwan and Hidayat Ullah},
	title={基于核密度估计的新浪微博数据地理空间分析:以上海市为例},
	journal={电子测量技术},
	year={2019},
	volume={42},
	number={21},
	pages={32-38},
	month={4},
}

@article{li2019b,
	title = {Study on the {{Layout}} of 15-{{Minute Community}}-{{Life Circle}} in {{Third}}-{{Tier Cities Based}} on {{POI}}: {{Baoding City}} of {{Hebei Province}}},
	shorttitle = {Study on the {{Layout}} of 15-{{Minute Community}}-{{Life Circle}} in {{Third}}-{{Tier Cities Based}} on {{POI}}},
	author = {Li, Zeqin and Zheng, Jie and Zhang, Yukun},
	year = {2019},
	volume = {11},
	pages = {592--603},
	journal = {Engineering}
}

@article{qu2018,
	title = {{基于单因子评价法和比值法解析驴溪河水质状况}},
	author = {屈, 佳欣 and 罗, 伟},
	year = {2018},
	volume = {37},
	pages = {82--86},
	journal = {四川环境},
	number = {05}
}

@article{zhao2018,
	title = {{多元共治的社区微更新\textemdash\textemdash 基于浦东新区缤纷社区建设的实证研究}},
	author = {赵, 波},
	year = {2018},
	pages = {37--42},
	journal = {上海城市规划},
	number = {04}
}


@article{huang2019a,
	title = {{基于时空间行为的老年人日常生活圈研究\textemdash\textemdash 空间识别与特征分析}},
	author = {黄, 建中 and 张, 芮琪 and 胡, 刚钰},
	year = {2019},
	pages = {87--95},
	journal = {城市规划学刊},
	number = {03}
}

@article{peng2020,
	title = {Child's {{Infrastructure}} in {{Cities}}\textemdash\textemdash{{Urban Planning}} and {{Design}} to {{Gurarantee Child Rights}}},
	author = {Peng, Wenjie},
	year = {2020},
	volume = {8},
	pages = {100--109},
	journal = {Landscape Architecture Frontiers},
	number = {2}
}

@article{chai2020,
	title = {{社区生活圈的新时间地理学研究框架}},
	author = {柴, 彦威 and 李, 春江 and 张, 艳},
	year = {2020},
	volume = {39},
	pages = {1961--1971},
	journal = {地理科学进展},
	number = {12}
}

@article{li2019a,
	title = {{WELL Community健康社区标准简析}},
	author = {李, 坤},
	year = {2019},
	volume = {11},
	pages = {7--9},
	journal = {绿色建筑},
	number = {01}
}

@article{lovasi2011,
	title = {Steps {{Forward}}: {{Review}} and {{Recommendations}} for {{Research}} on {{Walkability}}, {{Physical Activity}} and {{Cardiovascular Health}}},
	shorttitle = {Steps {{Forward}}},
	author = {Lovasi, Gina S. and Grady, Stephanie and Rundle, Andrew},
	year = {2011},
	volume = {33},
	pages = {484--506},
	journal = {Public Health Reviews},
	number = {2}
}

@article{shen2020,
	title = {{从``战疫''看15分钟社区生活圈的需求圈层\textemdash\textemdash 以银川市中心城区为例}},
	author = {沈, 乐尧},
	year = {2020},
	volume = {27},
	pages = {167--168},
	journal = {城市住宅},
	number = {10}
}

@inproceedings{dong2017,
	title = {The {{Restrictive Factors}} and the {{Solution}} for the {{Development}} of {{Community Commerce}}--{{Take Yanta District}} as an {{Example}}},
	booktitle = {2016 {{International Conference}} on {{Modern Management}}, {{Education Technology}}, and {{Social Science}} ({{MMETSS}} 2016)},
	author = {Dong, Guanhua and Shang, Jie},
	year = {2017},
	publisher = {{Atlantis Press}},
	isbn = {978-94-6252-296-1}
}

@article{zhu2018a,
	title = {{中国社区商业发展现状与趋势分析}},
	author = {朱, 丽娜},
	year = {2018},
	pages = {37--41},
	journal = {中国房地产},
	number = {25}
}


@phdthesis{liu2019,
	title = {居民需求视角下社区生活圈配套设施优化策略研究 \textemdash\textemdash 以西安市雁塔区为例},
	author = {刘, 倩},
	year = {2019},
	school = {西北大学}
}

@arcticle{chen1991,
	title = {对" 国建六年计划" 产业圈与生活圈规划之评议},
	author = {陈丽瑛},
	year = {1991},
	journal = {经济前瞻},
	number = {22},
	pages = {48-51}
}

@article{ji2018,
	title = {{基于GIS的医疗设施空间可达性研究}},
	author = {季, 卓然 and 束, 蝉方 and 黄, 强},
	year = {2018},
	volume = {16},
	pages = {10-13+8},
	journal = {地理空间信息},
	number = {03}
}

@article{xu2019,
title = {{以提升居民幸福感为导向的社区规划实践评估\textemdash\textemdash 以上海新江湾社区为例}},
author = {胥, 建华 and 韩, 云月},
year = {2019},
pages = {158--167},
journal = {城市规划学刊},
number = {S1}
}

@article{wu2020,
	title = {{《城市居住区规划设计标准》中15分钟生活圈关键指标讨论}},
	author = {吴, 夏安 and 徐, 磊青 and 仲, 亮},
	year = {2020},
	volume = {36},
	pages = {33--40},
	journal = {规划师},
	number = {08}
}

@article{xiao2014,
	title = {{国内外生活圈规划研究与规划实践进展述评}},
	author = {肖, 作鹏 and 柴, 彦威 and 张, 艳},
	year = {2014},
	volume = {30},
	pages = {89--95},
	journal = {规划师},
	lccn = {45-1210/TU},
	number = {10}
}


@article{boduojiangjianlang1961,
	title = {日常生活圏について: 大都市周辺に於ける住宅都市の研究・その1(都市計画・建築経済・防災)},
	shorttitle = {4004 日常生活圏について},
	author = {{波多江 健郎} and {鈴木 達己}},
	year = {1961},
	volume = {69.2},
	pages = {493--496},
	journal = {日本建築学会論文報告集}
}

@article{he2004,
	title = {{日本区域开发政策的变迁}},
	author = {和, 泉润 and 王, 郁},
	year = {2004},
	pages = {5--13},
	journal = {国外城市规划},
	number = {03}
}

@article{hong1983,
	title = {農村集落における生活圏の設定と生活関連施設の配置に関する研究},
	author = {宏, 藍沢},
	year = {1983},
	volume = {1},
	pages = {27--38},
	journal = {農村計画学会誌},
	number = {4}
}

@article{takahashi1987,
	title = {A {{Geographical Study}} on {{Life}} Space in {{Japan}}},
	author = {Takahashi, Nobuo},
	year = {1987},
	volume = {39},
	pages = {295--318},
	journal = {Japanese Journal of Human Geography},
	number = {4}
}

@article{zhu2009,
	title = {{韩国住区规划的发展及其启示}},
	author = {朱, 一荣},
	year = {2009},
	volume = {24},
	pages = {106--110},
	journal = {国际城市规划},
	number = {05}
}

@book{shanghaishiguihuaheguotuziyuanguanliju2017,
	title = {上海15分钟社区生活圈规划研究与实践},
	author = {{上海市规划和国土资源管理局}},
	year = {2017},
	publisher = {{上海人民出版社}},
	isbn = {978-7-208-14384-5}
}

@article{ma2021a,
	title = {{多重因素影响下的村镇聚落空间响应模式研究\textemdash\textemdash 基于中心地理论视角}},
	author = {马, 一帆涛},
	year = {2021},
	pages = {65--67},
	journal = {建筑与文化},
	number = {04}
}

@book{pengdanling2012,
	title = {普通心理学},
	author = {彭聃龄},
	year = {2012},
	publisher = {{北京师范大学出版社}},
	isbn = {978-7-303-00225-2}
}

@article{zhao2013,
	title = {{``社区营造''与城市规划的``社区指向''研究}},
	author = {赵, 民},
	year = {2013},
	volume = {29},
	pages = {5--10},
	journal = {规划师},
	number = {09}
}

@article{sun2017a,
	title = {{城市社区生活圈体系及公共服务设施空间优化\textemdash\textemdash 以北京市清河街道为例}},
	author = {孙, 道胜 and 柴, 彦威},
	year = {2017},
	volume = {24},
	pages = {7-14+25+2},
	journal = {城市发展研究},
	number = {09}
}

@article{zhao2009a,
	title = {{GIS支持下的超市配送中心选址实践}},
	author = {赵, 平},
	year = {2009},
	pages = {23--25},
	journal = {城市勘测},
	number = {04}
}

@article{yu2012a,
	title = {{基于GIS的长沙市医院空间布局及优化研究}},
	author = {于, 珊珊 and 彭, 鹏 and 田, 晓琴 and 丁, 洁琼},
	year = {2012},
	volume = {26},
	pages = {90--94},
	journal = {长沙大学学报},
	number = {02}
}

@article{lu2012,
	title = {{美国步行性测度研究进展及其启示}},
	author = {卢, 银桃 and 王, 德},
	year = {2012},
	volume = {27},
	pages = {10--15},
	journal = {国际城市规划},
	number = {01}
}

@article{wang2018a,
	title = {{改进步行指数模型在城市步行性评价中的应用}},
	author = {王, 昊 and 张, 泉},
	year = {2018},
	volume = {20},
	pages = {11-17+61},
	journal = {交通科技与经济},
	number = {03}
}

@article{cheng2018b,
	title = {{基于改进潜能模型的城市医疗设施空间可达性\textemdash\textemdash 以上海市杨浦区为例}},
	author = {程, 敏 and 连, 月娇},
	year = {2018},
	volume = {37},
	pages = {266--275},
	journal = {地理科学进展},
	number = {02}
}

@article{tang2017,
	title = {{基于改进潜能模型的县域小学空间可达性研究\textemdash\textemdash 以湖北省仙桃市为例}},
	author = {汤, 鹏飞 and 向, 京京 and 罗, 静 and 陈, 国磊},
	year = {2017},
	volume = {36},
	pages = {697--708},
	journal = {地理科学进展},
	number = {06}
}

@article{jiang2017,
	title = {{``邻里单位''概念的演化与新城市主义}},
	author = {江, 嘉玮},
	year = {2017},
	pages = {17--23},
	journal = {新建筑},
	number = {04}
}

@article{li2006,
	title = {{从邻里单位到新城市主义社区\textemdash\textemdash 美国社区规划模式变迁探究}},
	author = {李, 强},
	year = {2006},
	pages = {92--94},
	journal = {世界建筑},
	number = {07}
}

@article{yuan2015,
	title = {{国外社区规划近十五年研究进展\textemdash\textemdash 基于Citespace软件的可视化分析}},
	author = {袁, 媛 and 柳, 叶 and 林, 静},
	year = {2015},
	pages = {26--33},
	journal = {上海城市规划},
	number = {04}
}

@article{yang2008a,
	title = {{城市公共开放空间系统规划方法初探\textemdash\textemdash 以深圳为例}},
	author = {杨, 晓春 and 司, 马晓 and 洪, 涛},
	year = {2008},
	pages = {24--27},
	journal = {规划师},
	number = {06}
}


@article{geng2013,
	title = {{基于生活圈的小城镇公共服务设施优化配置\textemdash\textemdash 以山西省小城镇为例}},
	author = {耿, 虹 and 许, 金华 and 张, 艺},
	year = {2013},
	pages = {14},
	publisher = {{中国城市规划学会}},
	journal = {城市时代，协同规划\textemdash\textemdash 2013中国城市规划年会论文集（12-小城镇与城乡统筹）}
}

@article{ji2012,
	title = {{基于居民日常出行的生活空间单元的划分}},
	author = {季, 珏 and 高, 晓路},
	year = {2012},
	volume = {31},
	pages = {248--254},
	journal = {地理科学进展},
	number = {02}
}

@article{zhou2006,
	title = {{基于居民通勤行为分析的城市空间解读\textemdash\textemdash 以广州市典型街区为案例}},
	author = {周, 素红 and 闫, 小培},
	year = {2006},
	pages = {179--189},
	journal = {地理学报},
	number = {02}
}

@article{zhu2010a,
	title = {{基于生活圈的城乡公共服务设施配置研究\textemdash\textemdash 以仙桃为例}},
	author = {朱, 查松 and 王, 德 and 马, 力},
	year = {2010},
	pages = {10},
	publisher = {{中国城市规划学会、重庆市人民政府}},
	journal = {规划创新：2010中国城市规划年会论文集}
}


@article{chen2007,
	title = {{中国城市社区公共服务设施配置现状与规划实施研究}},
	author = {陈, 伟东 and 张, 大维},
	year = {2007},
	pages = {29--33},
	journal = {人文地理},
	number = {05}
}

@article{gao2011,
	title = {{转型期城市社区资源配置的社会分异研究\textemdash\textemdash 基于广州的实证}},
	author = {高, 军波 and 周, 春山},
	year = {2011},
	volume = {26},
	pages = {14--20},
	journal = {现代城市研究},
	number = {07}
}

@article{zhao2014,
	title = {{居住区公共服务设施配建研究\textemdash\textemdash 以乌兰察布市为例}},
	author = {赵, 娜 and 刘, 润民 and 赛, 呼},
	year = {2014},
	pages = {13--14},
	journal = {内蒙古科技与经济},
	number = {05}
}

@article{lefever1926,
	title = {Measuring {{Geographic Concentration}} by {{Means}} of the {{Standard Deviational Ellipse}}},
	author = {Lefever, D. Welty},
	year = {1926},
	volume = {32},
	pages = {88--94},
	publisher = {{The University of Chicago Press}},
	journal = {American Journal of Sociology},
	number = {1}
}